@Book{Encyklopedia,
    author =    "Niemcewicz, Leonard",
    title =     "Podręczna encyklopedia radioamatora",
    publisher = "Wydawnictwa Komunikacji i Łączności",
    year =      1964,
    address =   "Warszawa",
    edition =   "drugie",
}

@Book{poradnik,
    author =    "Komsta, Lukasz",
    title =     "Krótkofalarstwo i radiokomunikacja",
    publisher = "Wydawnictwo Komunikacji i Łączności",
    year =      2001,
    address =   "Warszawa",
    edition =   "1",
}

@misc{krotkofalarstwo,
    author = {Paweł SQ9ATK},
    title = {{Co to jest którkofalarstwo}},
    howpublished = "\url{http://ostol.pl/co-to-jest-krotkofalarstwo}",
    year = {2013},
    note = "[Online; dostęp 25 listopada 2013]"
}

@misc{krotkofalarstwo2,
    author = {Jarosław SP3AYA},
    title = {{Czym jest krótkofalarstwo}},
    howpublished = "\url{http://sp3pow.pl/articles.php?article_id=59}",
    year = {2012},
    note = "[Online; dostęp 25 listopada 2013]"
}
